<record><leader>00000cas a22000007a 4500</leader><controlfield tag="001">24157208</controlfield><controlfield tag="008">910731d18831886ncuwr ne      0    0eng d</controlfield><datafield ind1=" " ind2=" " tag="010"><subfield code="a">sn 91068258 </subfield></datafield><datafield ind1=" " ind2=" " tag="040"><subfield code="a">NVJ</subfield><subfield code="b">eng</subfield><subfield code="c">NVJ</subfield><subfield code="d">OCLCQ</subfield></datafield><datafield ind1=" " ind2=" " tag="042"><subfield code="a">msc</subfield></datafield><datafield ind1="0" ind2="4" tag="245"><subfield code="a">The Clayton bud.</subfield></datafield><datafield ind1="1" ind2="3" tag="246"><subfield code="a">Weekly Clayton bud</subfield></datafield><datafield ind1=" " ind2=" " tag="260"><subfield code="a">Clayton, N.C. :</subfield><subfield code="b">John R. Wedding [and] N.R. Richardson</subfield></datafield><datafield ind1=" " ind2=" " tag="300"><subfield code="a">v.</subfield></datafield><datafield ind1=" " ind2=" " tag="310"><subfield code="a">Weekly</subfield></datafield><datafield ind1="1" ind2=" " tag="362"><subfield code="a">Began Feb. 27, 1883.</subfield></datafield><datafield ind1="0" ind2=" " tag="362"><subfield code="a">-v. 4, no. 21 (Sept. 1, 1886).</subfield></datafield><datafield ind1=" " ind2=" " tag="588"><subfield code="a">Description based on: Vol. 1, no. 13 (May 29, 1883).</subfield></datafield><datafield ind1=" " ind2=" " tag="752"><subfield code="a">United States</subfield><subfield code="b">North Carolina</subfield><subfield code="c">Johnston</subfield><subfield code="d">Clayton.</subfield></datafield><datafield ind1="0" ind2="0" tag="785"><subfield code="t">Weekly bud</subfield><subfield code="w">(DLC)sn 91068259</subfield></datafield><datafield ind1="1" ind2=" " tag="029"><subfield code="a">AU@</subfield><subfield code="b">000025862089</subfield></datafield></record>